@incollection{Mumford,
year={1994},
isbn={978-1-4612-7614-2},
booktitle={Algebraic Geometry and its Applications},
editor={Bajaj, ChandrajitL.},
doi={10.1007/978-1-4612-2628-4_31},
title={Elastica and Computer Vision},
url={http://dx.doi.org/10.1007/978-1-4612-2628-4_31},
publisher={Springer New York},
author={Mumford, David},
pages={491-506},
language={English}
}

@TECHREPORT{Levien,
    author = {Raph Levien and Raph Levien},
    title = {The elastica: a mathematical history},
    year = {2008}
}